[gd_scene load_steps=52 format=2]

[ext_resource path="res://art/sheep1.png" type="Texture" id=1]
[ext_resource path="res://art/sheep7.png" type="Texture" id=2]
[ext_resource path="res://art/sheep3.png" type="Texture" id=3]
[ext_resource path="res://art/sheep5.png" type="Texture" id=4]
[ext_resource path="res://art/sheep4.png" type="Texture" id=5]
[ext_resource path="res://art/sheep6.png" type="Texture" id=6]
[ext_resource path="res://art/sheep8.png" type="Texture" id=7]
[ext_resource path="res://art/sheep2.png" type="Texture" id=8]
[ext_resource path="res://Sheep.gd" type="Script" id=9]
[ext_resource path="res://art/sheep_blink3_bomb3.png" type="Texture" id=10]
[ext_resource path="res://art/sheep_blink3_bomb2.png" type="Texture" id=11]
[ext_resource path="res://art/sheep_blink1_bomb1.png" type="Texture" id=12]
[ext_resource path="res://art/sheep_blink1_bomb2.png" type="Texture" id=13]
[ext_resource path="res://art/sheep_blink1_bomb3.png" type="Texture" id=14]
[ext_resource path="res://art/sheep_blink3_bomb1.png" type="Texture" id=15]
[ext_resource path="res://art/sheep_blink3_bomb4.png" type="Texture" id=16]
[ext_resource path="res://art/sheep_blink2_bomb1.png" type="Texture" id=17]
[ext_resource path="res://art/sheep_blink1_bomb5.png" type="Texture" id=18]
[ext_resource path="res://art/sheep_blink1_bomb4.png" type="Texture" id=19]
[ext_resource path="res://art/sheep_blink1_bomb6.png" type="Texture" id=20]
[ext_resource path="res://art/sheep_blink1_bomb7.png" type="Texture" id=21]
[ext_resource path="res://art/sheep_blink1_bomb8.png" type="Texture" id=22]
[ext_resource path="res://art/sheep_blink2_bomb3.png" type="Texture" id=23]
[ext_resource path="res://art/sheep_blink2_bomb2.png" type="Texture" id=24]
[ext_resource path="res://art/sheep_blink2_bomb5.png" type="Texture" id=25]
[ext_resource path="res://art/sheep_blink2_bomb4.png" type="Texture" id=26]
[ext_resource path="res://art/sheep_blink2_bomb7.png" type="Texture" id=27]
[ext_resource path="res://art/sheep_blink2_bomb6.png" type="Texture" id=28]
[ext_resource path="res://art/sheep_blink2_bomb8.png" type="Texture" id=29]
[ext_resource path="res://art/sheep_blink3_bomb7.png" type="Texture" id=30]
[ext_resource path="res://art/sheep_blink3_bomb6.png" type="Texture" id=31]
[ext_resource path="res://art/sheep_blink3_bomb5.png" type="Texture" id=32]
[ext_resource path="res://art/sheep_blink3_bomb8.png" type="Texture" id=33]
[ext_resource path="res://art/explosion01.png" type="Texture" id=34]
[ext_resource path="res://art/explosion06.png" type="Texture" id=35]
[ext_resource path="res://art/explosion07.png" type="Texture" id=36]
[ext_resource path="res://art/explosion02.png" type="Texture" id=37]
[ext_resource path="res://art/explosion05.png" type="Texture" id=38]
[ext_resource path="res://art/explosion04.png" type="Texture" id=39]
[ext_resource path="res://art/explosion03.png" type="Texture" id=40]
[ext_resource path="res://art/explosion08.png" type="Texture" id=41]
[ext_resource path="res://art/explosion11.png" type="Texture" id=42]
[ext_resource path="res://art/explosion09.png" type="Texture" id=43]
[ext_resource path="res://art/explosion12.png" type="Texture" id=44]
[ext_resource path="res://art/explosion10.png" type="Texture" id=45]
[ext_resource path="res://audio/Sheep_Bleat3.wav" type="AudioStream" id=46]
[ext_resource path="res://audio/Sheep_Bleat1.wav" type="AudioStream" id=47]
[ext_resource path="res://audio/Sheep_Bleat2.wav" type="AudioStream" id=48]

[sub_resource type="SpriteFrames" id=1]
animations = [ {
"frames": [ ExtResource( 1 ), ExtResource( 8 ), ExtResource( 3 ), ExtResource( 5 ), ExtResource( 4 ), ExtResource( 6 ), ExtResource( 2 ), ExtResource( 7 ) ],
"loop": true,
"name": "default",
"speed": 5.0
}, {
"frames": [ ExtResource( 34 ), ExtResource( 37 ), ExtResource( 40 ), ExtResource( 39 ), ExtResource( 38 ), ExtResource( 35 ), ExtResource( 36 ), ExtResource( 41 ), ExtResource( 43 ), ExtResource( 45 ), ExtResource( 42 ), ExtResource( 44 ), ExtResource( 39 ), ExtResource( 38 ), ExtResource( 35 ), ExtResource( 36 ), ExtResource( 41 ), ExtResource( 43 ), ExtResource( 45 ), ExtResource( 42 ), ExtResource( 44 ) ],
"loop": true,
"name": "explosion",
"speed": 4.0
}, {
"frames": [ ExtResource( 15 ), ExtResource( 11 ), ExtResource( 10 ), ExtResource( 16 ), ExtResource( 32 ), ExtResource( 31 ), ExtResource( 30 ), ExtResource( 33 ) ],
"loop": true,
"name": "blink_bomb3",
"speed": 5.0
}, {
"frames": [ ExtResource( 12 ), ExtResource( 13 ), ExtResource( 14 ), ExtResource( 19 ), ExtResource( 18 ), ExtResource( 20 ), ExtResource( 21 ), ExtResource( 22 ) ],
"loop": true,
"name": "blink_bomb1",
"speed": 5.0
}, {
"frames": [ ExtResource( 17 ), ExtResource( 24 ), ExtResource( 23 ), ExtResource( 26 ), ExtResource( 25 ), ExtResource( 28 ), ExtResource( 27 ), ExtResource( 29 ) ],
"loop": true,
"name": "blink_bomb2",
"speed": 5.0
}, {
"frames": [ ExtResource( 1 ), ExtResource( 8 ), ExtResource( 3 ), ExtResource( 5 ), ExtResource( 38 ), ExtResource( 35 ), ExtResource( 36 ), ExtResource( 41 ), ExtResource( 43 ), ExtResource( 45 ), ExtResource( 42 ), ExtResource( 44 ), ExtResource( 39 ), ExtResource( 38 ), ExtResource( 35 ), ExtResource( 36 ), ExtResource( 41 ), ExtResource( 43 ), ExtResource( 45 ), ExtResource( 42 ), ExtResource( 44 ) ],
"loop": true,
"name": "delayed_explosion",
"speed": 5.0
} ]

[sub_resource type="CapsuleShape2D" id=2]
radius = 28.9044
height = 33.6747

[sub_resource type="CapsuleShape2D" id=3]

[node name="Sheep" type="KinematicBody2D" groups=[
"sheep_group",
]]
collision/safe_margin = 0.01
script = ExtResource( 9 )
__meta__ = {
"_edit_group_": true
}

[node name="AnimatedSprite" type="AnimatedSprite" parent="."]
scale = Vector2( 0.2, 0.2 )
frames = SubResource( 1 )
animation = "delayed_explosion"
frame = 18
playing = true

[node name="CollisionShape2D" type="CollisionShape2D" parent="."]
rotation = 1.5708
shape = SubResource( 2 )

[node name="TouchScreenButton" type="TouchScreenButton" parent="."]
position = Vector2( 53, -35 )
rotation = 1.5708
scale = Vector2( 3.6, 2.6 )
shape = SubResource( 3 )

[node name="Timer" type="Timer" parent="."]
autostart = true

[node name="Sheep_Bleat1" type="AudioStreamPlayer" parent="."]
stream = ExtResource( 47 )
volume_db = -10.0

[node name="Sheep_Bleat2" type="AudioStreamPlayer" parent="."]
stream = ExtResource( 48 )
volume_db = -15.0

[node name="Sheep_Bleat3" type="AudioStreamPlayer" parent="."]
stream = ExtResource( 46 )
volume_db = -25.0

[connection signal="pressed" from="TouchScreenButton" to="." method="_on_TouchScreenButton_pressed"]
[connection signal="timeout" from="Timer" to="." method="_on_Timer_timeout"]
